@movie {WhatDreamMayCome,
  title =   {What Dream May Come},
  producer = {Stephen Deutsch and Barnet Bain},
  director = {Vincent Ward},
  year = {1998},
  publisher = {PolyGram Filmed Entertainment}
}

@movie {LovingVincent,
  title =   {Loving Vincent},
  producer = {Hugh Welchman, Ivan Mactaggart and Sean M. Bobbitt},
  director = {Dorota Kobiela and Hugh Welchman},
  year = {2017},
  publisher = {Altitude Film Distribution}
}


@proceedings{Fekete_2000,
 title = {NPAR '00: Proceedings of the 1st International Symposium on Non-photorealistic Animation and Rendering},
 year = {2000},
 isbn = {1-58113-277-8},
 location = {Annecy, France},
 note = {ACM Order No: 434000},
 publisher = {ACM},
 address = {New York, NY, USA},
}


@inproceedings{Daniels_1999,
 author = {Daniels, Eric},
 title = {Deep Canvas in Disney's Tarzan},
 booktitle = {ACM SIGGRAPH 99 Electronic Art and Animation Catalog},
 series = {SIGGRAPH '99},
 year = {1999},
 isbn = {1-58113-104-6},
 location = {Los Angeles, California, USA},
 pages = {124--},
 url = {http://doi.acm.org/10.1145/312379.312887},
 doi = {10.1145/312379.312887},
 acmid = {312887},
 publisher = {ACM},
 address = {New York, NY, USA},
}
